@inproceedings{cachin1999computationally,
  title={Computationally private information retrieval with polylogarithmic communication},
  author={Cachin, Christian and Micali, Silvio and Stadler, Markus},
  booktitle={International Conference on the Theory and Applications of Cryptographic Techniques},
  pages={402--414},
  year={1999},
  organization={Springer}
}

@inproceedings{feldman2004robust,
  title={Robust incentive techniques for peer-to-peer networks},
  author={Feldman, Michal and Lai, Kevin and Stoica, Ion and Chuang, John},
  booktitle={Proceedings of the 5th ACM conference on Electronic commerce},
  pages={102--111},
  year={2004},
  organization={ACM}
}

@article{feldman2006free,
  title={Free-riding and whitewashing in peer-to-peer systems},
  author={Feldman, Michal and Papadimitriou, Christos and Chuang, John and Stoica, Ion},
  journal={IEEE Journal on selected areas in communications},
  volume={24},
  number={5},
  pages={1010--1019},
  year={2006},
  publisher={IEEE}
}

@article{friedman2001social,
  title={The social cost of cheap pseudonyms},
  author={Friedman*, Eric J and Resnick, Paul},
  journal={Journal of Economics \& Management Strategy},
  volume={10},
  number={2},
  pages={173--199},
  year={2001},
  publisher={Wiley Online Library}
}

@inproceedings{douceur2002sybil,
  title={The sybil attack},
  author={Douceur, John R},
  booktitle={International workshop on peer-to-peer systems},
  pages={251--260},
  year={2002},
  organization={Springer}
}

@inproceedings{li2012collusion,
  title={Collusion detection in reputation systems for peer-to-peer networks},
  author={Li, Ze and Shen, Haiying and Sapra, Karan},
  booktitle={2012 41st International Conference on Parallel Processing},
  pages={98--107},
  year={2012},
  organization={IEEE}
}

@inproceedings{maymounkov2002kademlia,
  title={Kademlia: A peer-to-peer information system based on the xor metric},
  author={Maymounkov, Petar and Mazieres, David},
  booktitle={International Workshop on Peer-to-Peer Systems},
  pages={53--65},
  year={2002},
  organization={Springer}
}

@article{aberer2003p,
  title={P-Grid: a self-organizing structured P2P system},
  author={Aberer, Karl and Cudr{\'e}-Mauroux, Philippe and Datta, Anwitaman and Despotovic, Zoran and Hauswirth, Manfred and Punceva, Magdalena and Schmidt, Roman},
  journal={ACM SIGMOD Record},
  volume={32},
  number={3},
  pages={29--33},
  year={2003},
  publisher={ACM}
}

@inproceedings{oujezsky2016case,
  title={Case study and comparison of SimPy 3 and OMNeT++ Simulation},
  author={Oujezsky, Vaclav and Horvath, Tomas},
  booktitle={Telecommunications and Signal Processing (TSP), 2016 39th International Conference on},
  pages={15--19},
  year={2016},
  organization={IEEE}
}

@book{vom2008comparing,
  title={Comparing Recent Network Simulators: A Performance Evaluation Study},
  author={vom Lehn, Hendrik and Wehrle, Klaus and Weing{\"a}rtner, Elias},
  year={2008},
  publisher={RWTH, Department of Computer Science}
}
