@article{mcgee2004gifting,
  title={{Gifting technologies}},
  author={McGee, Kevin and Sk{\aa}geby, J{\"o}rgen},
  journal={First Monday},
  volume={9},
  number={12},
  year={2004}
}

@article{ripeanu2006gifting,
  title={{Gifting technologies: A BitTorrent case study}},
  author={Ripeanu, Matei and Mowbray, Miranda and Andrade, Nazerano and Lima, Aliandro},
  journal={First Monday},
  volume={11},
  number={11},
  year={2006}
}

@online{dingledine2009incentive_tor,
  author = {Dingledine, Roger},
  title = {{Two incentive designs for Tor}},
  year = 2009,
  url = {https://blog.torproject.org/two-incentive-designs-tor},
  urldate = {2019-07-09}
}

@inproceedings{cox2002serving,
  title={{Serving DNS using a peer-to-peer lookup service}},
  author={Cox, Russ and Muthitacharoen, Athicha and Morris, Robert T},
  booktitle={International Workshop on Peer-To-Peer Systems},
  pages={155--165},
  year={2002},
  organization={Springer}
}

@article{gasarch2004survey,
  title={{A survey on private information retrieval}},
  author={Gasarch, William},
  journal={Bulletin of the EATCS},
  volume={82},
  pages={72-107},
  year={2004}
}

@inproceedings{cachin1999computationally,
  title={{Computationally private information retrieval with polylogarithmic communication}},
  author={Cachin, Christian and Micali, Silvio and Stadler, Markus},
  booktitle={International Conference on the Theory and Applications of Cryptographic Techniques},
  pages={402--414},
  year={1999},
  organization={Springer}
}

@techreport{RFC7858,
  author = {Z. Hu and L. Zhu and J. Heidemann and A. Mankin and D. Wessels and P. Hoffman},
  title = {{Specification for DNS over Transport Layer Security (TLS)}},
  howpublished = {Internet Requests for Comments},
  type = {RFC},
  number = {7858},
  year = {2016},
  month = {May},
  issn = {2070-1721},
  publisher = {RFC Editor},
  institution = {RFC Editor},
  url = {http://www.rfc-editor.org/rfc/rfc7858.txt},
}

@techreport{RFC8484,
  author = {P. Hoffman and P. McManus},
  title = {{DNS Queries over HTTPS (DoH)}},
  howpublished = {Internet Requests for Comments},
  type = {RFC},
  number = {8484},
  year = {2018},
  month = {October},
  issn = {2070-1721},
  publisher = {RFC Editor},
  institution = {RFC Editor},
  url = {http://www.rfc-editor.org/rfc/rfc8484.txt},
}

@techreport{RFC7540,
  author = {M. Belshe and R. Peon and M. Thomson},
  title = {{Hypertext Transfer Protocol Version 2 (HTTP/2)}},
  howpublished = {Internet Requests for Comments},
  type = {RFC},
  number = {7540},
  year = {2015},
  month = {May},
  issn = {2070-1721},
  publisher = {RFC Editor},
  institution = {RFC Editor},
  url = {http://www.rfc-editor.org/rfc/rfc7540.txt},
}

@inproceedings{aberer2001pgrid,
  title={{P-Grid: A self-organizing access structure for P2P information systems}},
  author={Aberer, Karl},
  booktitle={International Conference on Cooperative Information Systems},
  pages={179--194},
  year={2001},
  organization={Springer}
}

@inproceedings{maymounkov2002kademlia,
  title={{Kademlia: A peer-to-peer Information System Based on the XOR Metric}},
  author={Maymounkov, Petar and Mazieres, David},
  booktitle={International Workshop on Peer-to-Peer Systems},
  pages={53--65},
  year={2002},
  organization={Springer}
}

@article{sherwood2006cooperative,
  title={{Cooperative peer groups in NICE}},
  author={Sherwood, Rob and Lee, Seungjoon and Bhattacharjee, Bobby},
  journal={Computer Networks},
  volume={50},
  number={4},
  pages={523--544},
  year={2006},
  publisher={Elsevier}
}

@techreport{dingledine2004tor,
  title={Tor: The second-generation onion router},
  author={Dingledine, Roger and Mathewson, Nick and Syverson, Paul},
  year={2004},
  institution={Naval Research Lab Washington DC}
}

@inproceedings{douceur2002sybil,
  title={The sybil attack},
  author={Douceur, John R},
  booktitle={International workshop on peer-to-peer systems},
  pages={251--260},
  year={2002},
  organization={Springer}
}

@article{friedman2001social,
  title={The social cost of cheap pseudonyms},
  author={Friedman*, Eric J and Resnick, Paul},
  journal={Journal of Economics \& Management Strategy},
  volume={10},
  number={2},
  pages={173--199},
  year={2001},
  publisher={Wiley Online Library}
}

@article{feldman2006freeriding,
  title={Free-riding and whitewashing in peer-to-peer systems},
  author={Feldman, Michal and Papadimitriou, Christos and Chuang, John and Stoica, Ion},
  journal={IEEE Journal on selected areas in communications},
  volume={24},
  number={5},
  pages={1010--1019},
  year={2006},
  publisher={IEEE}
}

@inproceedings{li2012collusion,
  title={Collusion detection in reputation systems for peer-to-peer networks},
  author={Li, Ze and Shen, Haiying and Sapra, Karan},
  booktitle={2012 41st International Conference on Parallel Processing},
  pages={98--107},
  year={2012},
  organization={IEEE}
}

@inproceedings{obreiter2003taxonomy,
  title={A taxonomy of incentive patterns},
  author={Obreiter, Philipp and Nimis, Jens},
  booktitle={International Workshop on Agents and P2P Computing},
  pages={89--100},
  year={2003},
  organization={Springer}
}

@article{obreiter2003stimulating,
  title={Stimulating cooperative behavior of autonomous devices: An analysis of requirements and existing approaches},
  author={Obreiter, Philipp and K{\"o}nig-Ries, Birgitta and Klein, Michael},
  year={2003},
  publisher={Citeseer}
}

@inproceedings{gupta2003reputation,
  title={A reputation system for peer-to-peer networks},
  author={Gupta, Minaxi and Judge, Paul and Ammar, Mostafa},
  booktitle={Proceedings of the 13th international workshop on Network and operating systems support for digital audio and video},
  pages={144--152},
  year={2003},
  organization={ACM}
}

@article{zhou2007gossip,
  author = {Zhou, Runfang and Hwang, Kai and Cai, Min},
  year = {2007},
  month = {01},
  pages = {},
  title = {Gossip-Based Reputation Management for Unstructured Peer-to-Peer Networks},
  journal = {IEEE Transactions on Knowledge and Data Engineering - TKDE}
}

@inproceedings{moreton2003trading,
  title={Trading in trust, tokens, and stamps},
  author={Moreton, Tim and Twigg, Andrew},
  booktitle={Proc. of the First Workshop on Economics of Peer-to-peer Systems},
  year={2003}
}

@inproceedings{papaioannou2005optimizing,
  title={Optimizing an incentivesâ€™ mechanism for truthful feedback in virtual communities},
  author={Papaioannou, Thanasis G and Stamoulis, George D},
  booktitle={International Workshop on Agents and P2P Computing},
  pages={1--15},
  year={2005},
  organization={Springer}
}

@inproceedings{moreton2003enforcing,
  title={Enforcing collaboration in peer-to-peer routing services},
  author={Moreton, Tim and Twigg, Andrew},
  booktitle={International Conference on Trust Management},
  pages={255--270},
  year={2003},
  organization={Springer}
}

@inproceedings{feldman2004robust,
  title={Robust incentive techniques for peer-to-peer networks},
  author={Feldman, Michal and Lai, Kevin and Stoica, Ion and Chuang, John},
  booktitle={Proceedings of the 5th ACM conference on Electronic commerce},
  pages={102--111},
  year={2004},
  organization={ACM}
}

@inproceedings{hassen2012secure,
  title={Secure Reputation Framework for BitTorrent},
  author={Hassen, Hani Ragab and Jones, Olga and Galanis, Nikos},
  booktitle={2012 IEEE 11th International Conference on Trust, Security and Privacy in Computing and Communications},
  pages={1364--1369},
  year={2012},
  organization={IEEE}
}

@inproceedings{yonezawa2006novel,
  title={A novel protocol for communicating reputation in P2P networks},
  author={Yonezawa, Kouki},
  booktitle={International Conference on Trust Management},
  pages={412--422},
  year={2006},
  organization={Springer}
}

@inproceedings{shin2009treat,
  title={Treat-before-trick: Free-riding prevention for bittorrent-like peer-to-peer networks},
  author={Shin, Kyuyong and Reeves, Douglas S and Rhee, Injong},
  booktitle={2009 IEEE International Symposium on Parallel \& Distributed Processing},
  pages={1--12},
  year={2009},
  organization={IEEE}
}

@online{dawson2013determinism,
  author = {Dawson, Bruce},
  title = {{Floating-Point Determinism}},
  year = 2013,
  url = {https://randomascii.wordpress.com/2013/07/16/floating-point-determinism/},
  urldate = {2019-07-14}
}

@inproceedings{liston2002diversity,
  title={Diversity in DNS performance measures},
  author={Liston, Richard and Srinivasan, Sridhar and Zegura, Ellen},
  booktitle={Proceedings of the 2nd ACM SIGCOMM Workshop on Internet measurment},
  pages={19--31},
  year={2002},
  organization={ACM}
}

@online{simpy,
  title = {{The SimPy discrete event simulation}},
  url = {https://simpy.readthedocs.io/en/latest/},
  urldate = {2019-07-18}
}
